@article{hajek1964,
  title={Asymptotic theory of rejective sampling with varying probabilities from a finite population},
  author={H{\'a}jek, J},
  journal={The Annals of Mathematical Statistics},
  volume={35},
  number={4},
  pages={1491--1523},
  year={1964},
  publisher={Institute of Mathematical Statistics}
}

@article{horvitz1952,
  title={A generalization of sampling without replacement from a finite universe},
  author={Horvitz, D G and Thompson, D J},
  journal={Journal of the American statistical Association},
  volume={47},
  number={260},
  pages={663--685},
  year={1952},
  publisher={Taylor \& Francis}
}

@misc{jbb2014,
  title        = {{Cobertura de la tierra 2014, Bogot\'a D.C.}},
  author       = {{Jard\'in Bot\'anico de Bogot\'a}},
  howpublished = "\href{https://datosabiertos.bogota.gov.co/dataset/coberturatierra2014-de-bogota-d-c}{URL}",
  year         = {2014},
  note         = "{Consultado: 2025-02-15}"
}

@book{lohr2022,
  title={Sampling: design and analysis},
  author={Lohr, Sharon L},
  year={2021},
  publisher={Chapman and Hall/CRC}
}

@book{ideam2010,
  title={{Leyenda Nacional de Coberturas de la Tierra. Metodología CORINE Land Cover adaptada para Colombia Escala 1:100.000}},
  author={IDEAM},
  year={2010},
  publisher={Instituto de Hidrología, Meteorología y Estudios Ambientales}
}

DEAM, 2010. Leyenda Nacional de Coberturas de la Tierra. Metodología CORINE Land Cover adaptada para
Colombia Escala 1:100.000. Instituto de Hidrología, Meteorología y Estudios Ambientales. Bogotá, D. C., 72p.